<?xml version="1.0" encoding="UTF-8" ?>
<collection xmlns:xsi="http://www.w3.org/2001/XMLSchema-instance"
    xsi:schemaLocation="http://www.loc.gov/MARC21/slim
        http://www.loc.gov/standards/marcxml/schema/MARC21slim.xsd"
    xmlns="http://www.loc.gov/MARC21/slim">
<record>
  <leader>00212cam a2200385 i 4500</leader>
  <controlfield tag="001">b12396345</controlfield>
  <controlfield tag="003">LeBAU</controlfield>
  <controlfield tag="005">20181030</controlfield>
  <controlfield tag="008">110524s1953    jo b     s    ||0 0 ara d</controlfield>
  <datafield tag="035" ind1=" " ind2=" ">
    <subfield code="a">ocn936116593</subfield>
  </datafield>
  <datafield tag="040" ind1=" " ind2=" ">
    <subfield code="a">LEAUB</subfield>
    <subfield code="b">ara</subfield>
    <subfield code="e">rda</subfield>
    <subfield code="c">LEAUB</subfield>
  </datafield>
  <datafield tag="041" ind1="0" ind2=" ">
    <subfield code="a">ara</subfield>
    <subfield code="a">eng</subfield>
  </datafield>
  <datafield tag="082" ind1="0" ind2="4">
    <subfield code="a">315.69</subfield>
    <subfield code="2">20</subfield>
  </datafield>
  <datafield tag="110" ind1="1" ind2=" ">
    <subfield code="6">880-01</subfield>
    <subfield code="a">Jordan.</subfield>
    <subfield code="b">Dāʼirat al-Iḥṣāʼāt al-ʻĀmmahh,</subfield>
    <subfield code="e">issuing body.</subfield>
  </datafield>
  <datafield tag="245" ind1="1" ind2="0">
    <subfield code="6">880-02</subfield>
    <subfield code="a">Iḥṣā’āt al-masākin li-‘ām 1952 :</subfield>
    <subfield code="b">mashrū‘ mushtarak bayna al-Mamlakah al-Urdunīyah al-Hāshimīyah wa-khidmāt al-ta‘āwun al-fannīyah lil-Wilāyāt al-Muttaḥidah fī al-Urdun : iḥṣāʼāt lil-alwiyah wa-al-aqḍiyah wa-al-nawāḥī wa-al-mudun al-ra’īsīyah /</subfield>
    <subfield code="c">al-Mamlakah al-Urdunīyah al-Hāshimīyah = Census of housing 1952 : a joint project of the Hashemite Kingdom of Jordan and the United States technical cooperation service for Jordan : statistics for districts, subdistricts, nahiyas, and principal towns / The Hashemite Kingdom of Jordan.</subfield>
  </datafield>
  <datafield tag="246" ind1="3" ind2="1">
    <subfield code="a">Census of housing 1952 :</subfield>
    <subfield code="b">a joint project of the Hashemite Kingdom of Jordan and the United States technical cooperation service for Jordan : statistics for districts, subdistricts, nahiyas, and principal towns</subfield>
  </datafield>
  <datafield tag="264" ind1=" " ind2="1">
    <subfield code="6">880-03</subfield>
    <subfield code="a">‘Ammān :</subfield>
    <subfield code="b">al-Mamlakah al-Urdunīyah al-Hāshimīyah, Wizārat al-Iqtiṣād,</subfield>
    <subfield code="c">1953.</subfield>
  </datafield>
  <datafield tag="300" ind1=" " ind2=" ">
    <subfield code="6">880-04</subfield>
    <subfield code="a">j-ḥ, 34, 34 pages :</subfield>
    <subfield code="b">map ;</subfield>
    <subfield code="c">28 cm</subfield>
  </datafield>
  <datafield tag="336" ind1=" " ind2=" ">
    <subfield code="a">text</subfield>
    <subfield code="b">txt</subfield>
    <subfield code="2">rdacontent</subfield>
  </datafield>
  <datafield tag="336" ind1=" " ind2=" ">
    <subfield code="a">still image</subfield>
    <subfield code="b">sti</subfield>
    <subfield code="2">rdacontent</subfield>
  </datafield>
  <datafield tag="337" ind1=" " ind2=" ">
    <subfield code="a">unmediated</subfield>
    <subfield code="b">n</subfield>
    <subfield code="2">rdamedia</subfield>
  </datafield>
  <datafield tag="338" ind1=" " ind2=" ">
    <subfield code="a">volume</subfield>
    <subfield code="b">nc</subfield>
    <subfield code="2">rdacarrier</subfield>
  </datafield>
  <datafield tag="500" ind1=" " ind2=" ">
    <subfield code="a">جداول.</subfield>
  </datafield>
  <datafield tag="546" ind1=" " ind2=" ">
    <subfield code="a">النص بالعربية والإنجليزية.</subfield>
  </datafield>
  <datafield tag="650" ind1=" " ind2="4">
    <subfield code="a">المساكن</subfield>
    <subfield code="z">الأردن</subfield>
    <subfield code="x">احصاءات.</subfield>
  </datafield>
  <datafield tag="650" ind1=" " ind2="0">
    <subfield code="a">Housing</subfield>
    <subfield code="z">Jordan</subfield>
    <subfield code="x">Statistics.</subfield>
  </datafield>
  <datafield tag="852" ind1=" " ind2=" ">
    <subfield code="a">Jafet Library</subfield>
    <subfield code="e">American University of Beirut, Bliss Street , Beirut, Lebanon.</subfield>
  </datafield>
  <datafield tag="880" ind1="1" ind2=" ">
    <subfield code="6">110-01/(3/r</subfield>
    <subfield code="a">الأردن.</subfield>
    <subfield code="b">دائرة الاحصاءات العامة،</subfield>
    <subfield code="e">هيئة إصدار. </subfield>
    <subfield code="4">isb.</subfield>
  </datafield>
  <datafield tag="880" ind1=" " ind2="1">
    <subfield code="6">264-03/(3/r</subfield>
    <subfield code="a">عمان :</subfield>
    <subfield code="b">المملكة الأردنية الهاشمية، وزارة الإقتصاد،</subfield>
    <subfield code="c">1953.</subfield>
  </datafield>
  <datafield tag="880" ind1="1" ind2="0">
    <subfield code="6">245-02/(3/r</subfield>
    <subfield code="a">احصاءات المساكن لعام 1952 :</subfield>
    <subfield code="b">مشروع مشترك بين المملكة الأردنية الهاشمية وخدمات التعاون الفنية للولايات المتحدة في الأردن : إحصاءات للألوية والأقضية والنواحي والمدن الرئيسية /</subfield>
    <subfield code="c">المملكة الأردنية الهاشمية = Census of housing 1952 : a joint project of the Hashemite Kingdom of Jordan and the United States technical cooperation service for Jordan : statistics for districts, subdistricts, nahiyas, and principal towns / The Hashemite Kingdom of Jordan.</subfield>
  </datafield>
  <datafield tag="880" ind1=" " ind2=" ">
    <subfield code="6">300-04/(3/r</subfield>
    <subfield code="a">ج-ح، 34، 34 :</subfield>
    <subfield code="b">خريطة ؛</subfield>
    <subfield code="c">28 سم</subfield>
  </datafield>
  <datafield tag="907" ind1=" " ind2=" ">
    <subfield code="a">.b12396345</subfield>
    <subfield code="b">18-11-16</subfield>
    <subfield code="c">11-05-24</subfield>
  </datafield>
  <datafield tag="907" ind1=" " ind2=" ">
    <subfield code="a">.b12396345</subfield>
    <subfield code="b">15-10-30</subfield>
    <subfield code="c">11-05-24</subfield>
  </datafield>
  <datafield tag="945" ind1=" " ind2=" ">
    <subfield code="f">J</subfield>
    <subfield code="a">315.69:U74ihA:c.1</subfield>
    <subfield code="i">01012977</subfield>
    <subfield code="j">.i12857877</subfield>
    <subfield code="l">u0503</subfield>
  </datafield>
  <datafield tag="998" ind1=" " ind2=" ">
    <subfield code="a">u05</subfield>
    <subfield code="b">97-03-24</subfield>
    <subfield code="c">m</subfield>
    <subfield code="d">a  </subfield>
    <subfield code="e">-</subfield>
    <subfield code="f">ara</subfield>
    <subfield code="g">jo </subfield>
    <subfield code="h">0</subfield>
    <subfield code="i">1</subfield>
  </datafield>
</record>
</collection>
